@Article{pmid19737799,
   Author="Lassmann, T. and Hayashizaki, Y. and Daub, C. O.",
   Title="{{T}ag{D}ust--a program to eliminate artifacts from next generation sequencing data}",
   Journal="Bioinformatics",
   Year="2009",
   Volume="25",
   Pages="2839--2840",
   Month="Nov"
}

@Article{pmid21651976,
   Author="Kong, Y. ",
   Title="{{B}trim: a fast, lightweight adapter and quality trimming program for next-generation sequencing technologies}",
   Journal="Genomics",
   Year="2011",
   Volume="98",
   Pages="152--153",
   Month="Aug"
}

@Online{raymond2003,
author = {Raymond, Eric Steven},
title = {The Art of Unix Programming},
month = September,
year = {2003},
url = {http://www.faqs.org/docs/artu/ch01s06.html}
}

@Manual{qrqc,
title = {qrqc: Quick Read Quality Control},
author = {Vince Buffalo},
year = {2012},
note = {R package version 1.9.5},
url = {http://github.com/vsbuffalo/qrqc},
}